<?xml version="1.0" encoding="UTF-8"?><collection xmlns="http://www.loc.gov/MARC21/slim"><record><leader>00509nam--2200169-i-4500</leader><controlfield tag="001">000046894</controlfield><controlfield tag="002">20161230</controlfield><controlfield tag="005">20161230201046</controlfield><controlfield tag="008">060222s1000------------r-----000-0-eng-d</controlfield><datafield ind1=" " ind2=" " tag="040"><subfield code="a">IFIN-HH</subfield></datafield><datafield ind1=" " ind2=" " tag="080"><subfield code="a">539.163.2(043)</subfield></datafield><datafield ind1="1" ind2=" " tag="100"><subfield code="a">Ward, Thomas Edmund</subfield></datafield><datafield ind1="1" ind2="0" tag="245"><subfield code="a">Decay scheme studies in the region of 29 to 39 neutron number</subfield><subfield code="b">Dissertation</subfield><subfield code="c">Thomas edmund ward</subfield></datafield><datafield ind1=" " ind2=" " tag="260"><subfield code="a">Ann Arbor, Michigan</subfield><subfield code="b">University Microfilms</subfield><subfield code="c">1971</subfield></datafield><datafield ind1=" " ind2=" " tag="300"><subfield code="a">142P</subfield></datafield><datafield ind1=" " ind2=" " tag="852"><subfield code="a">40578</subfield><subfield code="c">539.163.2</subfield></datafield><datafield ind1=" " ind2=" " tag="CAT"><subfield code="a">Sys</subfield><subfield code="c">20120524</subfield><subfield code="h">154047</subfield></datafield></record></collection>